<?xml version="1.0" encoding="UTF-8"?><collection xmlns="http://www.loc.gov/MARC21/slim"><record><leader>00482nam--2200169-i-4500</leader><controlfield tag="001">000003648</controlfield><controlfield tag="002">20161230</controlfield><controlfield tag="005">20170105234108</controlfield><controlfield tag="008">060222s1000------------r-----000-0-eng-d</controlfield><datafield ind1=" " ind2=" " tag="080"><subfield code="a">621.34.67</subfield></datafield><datafield ind1=" " ind2=" " tag="100"><subfield code="a">Avaev, S. A</subfield></datafield><datafield ind1=" " ind2=" " tag="245"><subfield code="a">Echipamentul electric al intreprinderilor din industria usoara. Traducere din limba rusa</subfield></datafield><datafield ind1=" " ind2=" " tag="260"><subfield code="a">Bucuresti</subfield><subfield code="b">Edit. Energ. De Stat</subfield><subfield code="c">1954</subfield></datafield><datafield ind1=" " ind2=" " tag="300"><subfield code="a">466 p. + Erata</subfield></datafield><datafield ind1=" " ind2=" " tag="700"><subfield code="a">Gartung, S. V</subfield></datafield><datafield ind1=" " ind2=" " tag="852"><subfield code="a">3799</subfield></datafield><datafield ind1=" " ind2=" " tag="CAT"><subfield code="a">SYS</subfield><subfield code="c">20170105</subfield><subfield code="h">234108</subfield></datafield></record></collection>